<record><leader>00000cas a22000007  4500</leader><controlfield tag="001">15611732</controlfield><controlfield tag="008">870430d18uu18uuiluwr n       0    0eng d</controlfield><datafield ind1=" " ind2=" " tag="010"><subfield code="a">sn2004062007</subfield></datafield><datafield ind1=" " ind2=" " tag="040"><subfield code="a">JFK</subfield><subfield code="b">eng</subfield><subfield code="c">JFK</subfield><subfield code="d">NVF</subfield><subfield code="d">OCLCQ</subfield></datafield><datafield ind1=" " ind2=" " tag="042"><subfield code="a">msc</subfield></datafield><datafield ind1="0" ind2="4" tag="245"><subfield code="a">The tri-city times.</subfield></datafield><datafield ind1=" " ind2=" " tag="260"><subfield code="a">Rapids City, Illinois :</subfield><subfield code="b">[s.n.]</subfield></datafield><datafield ind1=" " ind2=" " tag="300"><subfield code="a">v.</subfield></datafield><datafield ind1=" " ind2=" " tag="310"><subfield code="a">Weekly</subfield></datafield><datafield ind1=" " ind2=" " tag="588"><subfield code="a">Description based on: Vol. 25, no. 44 (Oct. 30, 1893).</subfield></datafield><datafield ind1=" " ind2="4" tag="651"><subfield code="a">Rapids City (Ill.)</subfield><subfield code="v">Newspapers.</subfield></datafield><datafield ind1=" " ind2=" " tag="752"><subfield code="a">United States</subfield><subfield code="b">Illinois</subfield><subfield code="c">Rock Island</subfield><subfield code="d">Rapids City.</subfield></datafield><datafield ind1="1" ind2=" " tag="029"><subfield code="a">AU@</subfield><subfield code="b">000026395485</subfield></datafield></record>